<?xml version="1.0" encoding="UTF-8"?><record xmlns="http://www.loc.gov/MARC21/slim" xmlns:cinclude="http://apache.org/cocoon/include/1.0" xmlns:zs="http://www.loc.gov/zing/srw/">
  <leader>00637nz  a2200133n  4500</leader>
  <controlfield tag="001">n  99800462 </controlfield>
  <controlfield tag="003">DLC</controlfield>
  <controlfield tag="005">19990407124013.4</controlfield>
  <controlfield tag="008">990407n| acannaab|          |n aaa |||  </controlfield>
  <datafield tag="010" ind1=" " ind2=" ">
    <subfield code="a">n  99800462 </subfield>
  </datafield>
  <datafield tag="040" ind1=" " ind2=" ">
    <subfield code="a">DNLM</subfield>
    <subfield code="b">eng</subfield>
    <subfield code="c">DLC</subfield>
  </datafield>
  <datafield tag="100" ind1="1" ind2=" ">
    <subfield code="a">May, Joan C.</subfield>
    <subfield code="q">(Joan Christine)</subfield>
  </datafield>
  <datafield tag="670" ind1=" " ind2=" ">
    <subfield code="a">Freeze-drying/lyophilization of pharmaceutical and biological products, 1999:</subfield>
    <subfield code="b">CIP t.p. (Joan C. May) contributors list (Joan C. May, Ph.D.; director, Lab.of Analytical Chemistry, Center for Biologics Evaluation and Research, Food and Drug Admin., Rockville, Md.)</subfield>
  </datafield>
  <datafield tag="670" ind1=" " ind2=" ">
    <subfield code="a">Phone call to editor, March 19, 1999 (Joan C. May's full name is Joan Christine May)</subfield>
  </datafield>
</record>